%%%%%%%%%%%%%% PAPER_v3


%%%%%%%%%%%%%%%%%%%%%%%%%%%%%%%%%%%%%%%%%%%%%%%%%%%%%%%%%%%%%%%%%%%%%%%%%%%%%%%%%%%%%%%%%%%%%%%%%%%%%%%%%%%%%%%%
%%%%%%%%%%%%%%%%%%%%%%%%%%%%%%%%%%%%%%%%%%%%%%%%%%%%%%%%%%%%%%%%%%%%%%%%%%%%%%%%%%%%%%%%%%%%%%%%%%%%%%%%%%%%%%%%
%%%%%%%%%%%%%%%%%%%%%%%%%%%%%%%%%%%%%%%%%%%%%%%%%%%%%%%%%%%%%%%%%%%%%%%%%%%%%%%%%%%%%%%%%%%%%%%%%%%%%%%%%%%%%%%%
@article{Zhu10,
  doi = {},

  year = {2010},
  month = jun,
  publisher = {Institute of Electrical and Electronics Engineers ({IEEE})},
  volume = {45},
  number = {6},
  pages = {1111--1121},
  author = {Yan Zhu and Chi-Hang Chan and U-Fat Chio and Sai-Weng Sin and Seng-Pan U and Rui Paulo Martins and Franco Maloberti},
  title = {A 10-bit 100-{MS}/s Reference-Free {SAR} {ADC} in 90\,nm {CMOS}},
  journal = {{IEEE} Journal of Solid-State Circuits}
}


@article{Yuan12,
  doi = {},

  year = {2012},
  publisher = {Institution of Engineering and Technology ({IET})},
  volume = {48},
  number = {9},
  pages = {482},
  author = {C. Yuan and Y. Lam},
  title = {Low-energy and area-efficient tri-level switching scheme for {SAR} {ADC}},
  journal = {Electronics Letters}
}

@article{Sanyal13,
  doi = {},

  year = {2013},
  publisher = {Institution of Engineering and Technology ({IET})},
  volume = {49},
  number = {4},
  pages = {248-250},
  author = {A. Sanyal and N. Sun},
  title = {{SAR} {ADC} architecture with 98\% reduction in switching energy over conventional scheme},
  journal = {Electronics Letters}
}

@article{Zhu13,
  doi = {},

  year = {2013},
  month = feb,
  publisher = {Institution of Engineering and Technology ({IET})},
  volume = {49},
  number = {5},
  pages = {327--329},
  author = {Zhangming Zhu and Yu Xiao and Xiaoli Song},
  title = {Vcm-based monotonic capacitor switching scheme for {SAR} {ADC}},
  journal = {Electronics Letters}
}

@inproceedings{Sanyal13b,
  doi = {},

  year = {2013},
  month = aug,
  publisher = {{IEEE}},
  author = {A. Sanyal and N. Sun},
  title = {A very high energy-efficiency switching technique for {SAR} {ADCs}},
  booktitle = {2013 {IEEE} 56th International Midwest Symposium on Circuits and Systems ({MWSCAS})}
}

@inproceedings{Chen14,
  doi = {},

  year = {2014},
  month = sep,
  publisher = {IEEE},
  author = {Long Chen and Arindam Sanyal and Ji Ma and Nan Sun},
  title = {A 24-uW 11-bit 1-MS/s SAR ADC with a bidirectional single-side switching technique},
  booktitle = {40th European Solid State Circuits Conference (ESSCIRC)}
  % booktitle = {ESSCIRC 2014 - 40th European Solid State Circuits Conference (ESSCIRC)}
}

@article{Rahimi14,
  doi = {},

  year = {2014},
  month = mar,
  publisher = {Institution of Engineering and Technology ({IET})},
  volume = {50},
  number = {7},
  pages = {499--501},
  author = {E. Rahimi and M. Yavari},
  title = {Energy-efficient high-accuracy switching method for {SAR} {ADCs}},
  journal = {Electronics Letters}
}

@inproceedings{Yuan15,
  doi = {},

  year = {2015},
  month = nov,
  publisher = {{IEEE}},
  author = {Chao Yuan and Kian Ann Ng and Yong Ping Xu and Shih-Cheng Yen and Nitish V. Thakor},
  title = {A 1-V 9.8-{ENOB} 100-{kS}/s single-ended {SAR} {ADC} with symmetrical {DAC} switching technique for neural signal acquisition},
  booktitle = {2015 {IEEE} Asian Solid-State Circuits Conference (A-{SSCC})}
}

@article{Wu17,
  doi = {},

  year = {2017},
  month = nov,
  publisher = {Springer Science and Business Media {LLC}},
  volume = {90},
  number = {2},
  pages = {507--511},
  author = {Aidong Wu and Jianhui Wu and Jun Huang},
  title = {Energy-efÔ¨Åcient switching scheme for ultra-low voltage SAR ADC},
  journal = {Analog Integrated Circuits and Signal Processing}
}

@article{Yousefi18,
  doi = {},

  year = {2018},
  month = jan,
  publisher = {Institute of Electrical and Electronics Engineers ({IEEE})},
  volume = {65},
  number = {1},
  pages = {41--45},
  author = {Tayebeh Yousefi and Alireza Dabbaghian and Mohammad Yavari},
  title = {An Energy-Efficient {DAC} Switching Method for {SAR} {ADCs}},
  journal = {{IEEE} Transactions on Circuits and Systems {II}: Express Briefs}
}

@article{Ding18,
  doi = {},

  year = {2018},
  month = dec,
  publisher = {Springer Science and Business Media {LLC}},
  volume = {98},
  number = {3},
  pages = {597--605},
  author = {Ruixue Ding and Shaopeng Dong and Shubin Liu and Depeng Sun and Zhangming Zhu},
  title = {A novel split capacitor array switching scheme with proportional coefficient for {SAR} {ADC}},
  journal = {Analog Integrated Circuits and Signal Processing}
}


@article{Akbari19,
  doi = {},

  year = {2019},
  month = apr,
  publisher = {Wiley},
  volume = {47},
  number = {7},
  pages = {1188--1198},
  author = {Meysam Akbari and Omid Hashemipour and Masoud Nazari and Farshad Moradi},
  title = {A charge sharing{\textendash}based switching scheme for {SAR} {ADCs}},
  journal = {International Journal of Circuit Theory and Applications}
}

@article{Li20,
  doi = {},

  year = {2020},
  month = may,
  publisher = {Springer Science and Business Media {LLC}},
  volume = {104},
  number = {1},
  pages = {93--101},
  author = {Junhui Li and Xin Li and Linlin Huang and Jianhui Wu},
  title = {An energy-efficient switching scheme with low common-mode voltage variation and no-capacitor-splitting {DAC} for {SAR} {ADC}},
  journal = {Analog Integrated Circuits and Signal Processing}
}

@article{Momeni20,
  doi = {},

  year = {2020},
  month = nov,
  publisher = {Springer Science and Business Media LLC},
  volume = {106},
  number = {2},
  pages = {449--457},
  author = {Mahdi Momeni and Mohammad Sharifkhani and Seyed Behnam Yazdani},
  title = {A high energy-efficiency and low-area switching scheme for SAR ADCs},
  journal = {Analog Integrated Circuits and Signal Processing}
}

% @article{Momeni20,
%   doi = {},
%   url = {https://doi.org/10.1007/s10470-020-01744-4},
%   year = {2020},
%   month = nov,
%   publisher = {Springer Science and Business Media {LLC}},
%   volume = {106},
%   number = {2},
%   pages = {449--457},
%   author = {Mahdi Momeni and Mohammad Sharifkhani and Seyed Behnam Yazdani},
%   title = {A high energy-efficiency and low-area switching scheme for {SAR} {ADCs}},
%   journal = {Analog Integrated Circuits and Signal Processing}
% }

@INPROCEEDINGS{Xin21,
  author={Xin, Xin and Zhao, Shimei and Hu, Yuanhao and Tong, Xingyuan},
  booktitle={2021 IEEE International Conference on Integrated Circuits, Technologies and Applications (ICTA)},
  title={A 1st-order noise shaping SAR ADC with dual-capacitor merge-and-split switching scheme for sensor chip},
  year={2021},
  volume={},
  number={},
  pages={267-268},
  doi={10.1109/ICTA53157.2021.9661932}
}

@article{Hu22,
  doi = {},

  year = {2022},
  month = dec,
  publisher = {Frontiers Media {SA}},
  volume = {10},
  author = {Yunfeng Hu and Lexing Hu and Bin Tang and Zichuan Yi},
  title = {A 10 bit 1~{MS}/s {SAR} {ADC} with one {LSB} common-mode shift energy-efficient switching scheme for image sensor},
  journal = {Frontiers in Physics}
}

@article{Yu23,
  doi = {},

  year = {2023},
  month = jun,
  publisher = {Elsevier {BV}},
  volume = {136},
  pages = {105771},
  author = {Zhe Yu and Yuhua Liang},
  title = {A 99.93{\%} energy-efficient switching scheme for {SAR} {ADC} without switching energy in the first three {MSBs}},
  journal = {Microelectronics Journal}
}


@INPROCEEDINGS{Ginsburg,
  author={Ginsburg, B.P. and Chandrakasan, A.P.},
  booktitle={2005 IEEE International Symposium on Circuits and Systems}, 
  title={An energy-efficient charge recycling approach for a SAR converter with capacitive DAC}, 
  year={2005},
  volume={},
  number={},
  pages={184-187 Vol. 1},
  keywords={Energy efficiency;Recycling;Capacitors;Logic arrays;Voltage;Switching converters;Shift registers;Switches;Differential equations;Topology},
  doi={10.1109/ISCAS.2005.1464555}}














